% Unsupervised feature learning for audio analysis
% https://openreview.net/pdf?id=rJeYrsEYg

% Learning contextualized music semantics from tags via a siamese neural network
% http://www.cs.man.ac.uk/~kechen/publication/acmtist16.pdf

@inproceedings{bryan2011musical,
  title={Musical Influence Network Analysis and Rank of Sample-Based Music.},
  author={Bryan, Nicholas J and Wang, Gen},
  booktitle={ISMIR},
  pages={329--334},
  year={2011}
}

@inproceedings{collins2010computational,
  title={Computational Analysis of Musical Influence: A Musicological Case Study Using MIR Tools.},
  author={Collins, Nick},
  booktitle={ISMIR},
  pages={177--182},
  year={2010}
}

@inproceedings{shalit2013modeling,
  title={Modeling musical influence with topic models},
  author={Shalit, Uri and Weinshall, Daphna and Chechik, Gal},
  booktitle={International Conference on Machine Learning},
  pages={244--252},
  year={2013}
}

@inproceedings{koch2015siamese,
  title={Siamese neural networks for one-shot image recognition},
  author={Koch, Gregory and Zemel, Richard and Salakhutdinov, Ruslan},
  booktitle={ICML Deep Learning Workshop},
  volume={2},
  year={2015}
}

@inproceedings{gomez2010inferring,
  title={Inferring networks of diffusion and influence},
  author={Gomez Rodriguez, Manuel and Leskovec, Jure and Krause, Andreas},
  booktitle={Proceedings of the 16th ACM SIGKDD international conference on Knowledge discovery and data mining},
  pages={1019--1028},
  year={2010},
  organization={ACM}
}

@inproceedings{van2013deep,
  title={Deep content-based music recommendation},
  author={Van den Oord, Aaron and Dieleman, Sander and Schrauwen, Benjamin},
  booktitle={Advances in neural information processing systems},
  pages={2643--2651},
  year={2013}
}

@inproceedings{gerrish2010language,
  title={A Language-based Approach to Measuring Scholarly Impact.},
  author={Gerrish, Sean and Blei, David M},
  booktitle={ICML},
  volume={10},
  pages={375--382},
  year={2010},
  organization={Citeseer}
}

@article{blei2003latent,
  title={Latent dirichlet allocation},
  author={Blei, David M and Ng, Andrew Y and Jordan, Michael I},
  journal={Journal of machine Learning research},
  volume={3},
  number={Jan},
  pages={993--1022},
  year={2003}
}

@article{mcfee2012learning,
  title={Learning content similarity for music recommendation},
  author={McFee, Brian and Barrington, Luke and Lanckriet, Gert},
  journal={IEEE transactions on audio, speech, and language processing},
  volume={20},
  number={8},
  pages={2207--2218},
  year={2012},
  publisher={IEEE}
}

@misc{chollet2015keras,
  title={Keras},
  author={Chollet, Fran\c{c}ois and others},
  year={2015},
  publisher={GitHub},
  howpublished={\url{https://github.com/keras-team/keras}},
}

@article{kingma2014adam,
  title={Adam: A method for stochastic optimization},
  author={Kingma, Diederik P and Ba, Jimmy},
  journal={arXiv preprint arXiv:1412.6980},
  year={2014}
}

@inproceedings{morton2015acoustic,
  title={Acoustic Features For Recognizing Musical Artist Influence},
  author={Morton, Brandon G and Kim, Youngmoo E},
  booktitle={Machine Learning and Applications (ICMLA), 2015 IEEE 14th International Conference on},
  pages={1117--1122},
  year={2015},
  organization={IEEE}
}

@inproceedings{sculley2010web,
  title={Web-scale k-means clustering},
  author={Sculley, David},
  booktitle={Proceedings of the 19th international conference on World wide web},
  pages={1177--1178},
  year={2010},
  organization={ACM}
}

@inproceedings{collins2012influence,
  title={Influence in Early Electronic Dance Music: An Audio Content Analysis Investigation.},
  author={Collins, Nick},
  booktitle={ISMIR},
  pages={1--6},
  year={2012}
}

@inproceedings{blei2006dynamic,
  title={Dynamic topic models},
  author={Blei, David M and Lafferty, John D},
  booktitle={Proceedings of the 23rd international conference on Machine learning},
  pages={113--120},
  year={2006},
  organization={ACM}
}

@article{hinton2006fast,
  title={A fast learning algorithm for deep belief nets},
  author={Hinton, Geoffrey E and Osindero, Simon and Teh, Yee-Whye},
  journal={Neural computation},
  volume={18},
  number={7},
  pages={1527--1554},
  year={2006},
  publisher={MIT Press}
}


@misc{
gong2018how,
title={How do deep convolutional neural networks learn from raw audio waveforms?},
author={Yuan Gong and Christian Poellabauer},
year={2018},
url={https://openreview.net/forum?id=S1Ow_e-Rb},
}

@techreport{page1999pagerank,
  title={The PageRank citation ranking: Bringing order to the web.},
  author={Page, Lawrence and Brin, Sergey and Motwani, Rajeev and Winograd, Terry},
  year={1999},
  institution={Stanford InfoLab}
}